@Book
{verba,
	author = {В.С.Верба and К.Ю.Гаврилов and А.Р.Ильчук and Б.Г.Татарский and А.А.Филаторв},
	publisher = {Техносфера},
	address = {Москва},
	title = {Радиолокация для всех},
	year = {2020},
	pages = 504
}

@article
{gofurov,
	author   = {Е.К.Гофуров},
	title    = {Классификация, принцип действия и основные методы радиолокации},
	date     = {2023},
	pages = {12}
}

@techreport
{moore,
	author = {Andrew Moore},
	title = {Efficient Memory-based Learning for Robot Control},
	year = {1990},
	month = {November},
	institute = {Carnegie Mellon University},
	address = {Pittsburgh, PA}
}

@misc
{ostrovok,
	title = {Островок! [Электронный ресурс].},
	howpublished = {Режим доступа URL: \url{https://ostrovok.ru} (дата обращения: 11.09.2025)}
}

@misc
{yandex,
	title = {Яндекс Путешествия [Электронный ресурс].},
	howpublished = {Режим доступа URL: \url{https://travel.yandex.ru} (дата обращения: 11.09.2025)}
}

@misc
{tutu,
	title = {tutu Отели [Электронный ресурс].},
	howpublished = {Режим доступа URL: \url{https://hotel.tutu.ru} (дата обращения: 11.09.2025)}
}

@misc
{oauth,
	title = {Authorization Code Flow [Электронный ресурс].},
	howpublished = {Режим доступа URL: \url{https://auth0.com/docs/get-started/authentication-and-authorization-flow/authorization-code-flow} (дата обращения: 11.09.2025)}
}

@misc
{pkce,
	title = {What is PKCE Flow? [Электронный ресурс].},
	howpublished = {Режим доступа URL: \url{https://hemantasundaray.vercel.app/blog/pkce-flow} (дата обращения: 11.09.2025)}
}

@misc
{jwks,
	title = {What is JWKS? JSON Web Key Set [Электронный ресурс].},
	howpublished = {Режим доступа URL: \url{https://dev.to/fung-authgear/what-is-jwks-json-web-key-set-short-guide-3j9m} (дата обращения: 11.09.2025)}
}